%% This BibTeX bibliography file was created using BibDesk.
%% https://bibdesk.sourceforge.io/

%% Created for Kathleen Houlihan at 2024-01-15 19:07:58 -0500 


%% Saved with string encoding Unicode (UTF-8) 


@comment{jabref-meta: databaseType:bibtex;}



@article{ScienceOfGymnastics2021,
	author = {Almir Atikovic and Edina Kamenja{\v s}evi{\'c}},
	doi = {10.52165/sgj.13.1.47-58},
	journal = {{S}cience of {G}ymnastics {J}ournal},
	month = {02},
	pages = {47-58},
	title = {{T}he {P}rediction of {A}ll-{A}round {E}vent {F}inal {S}core {B}ased on {D} and {E} {S}core {F}actors in {W}omen's {A}rtistic {G}ymnastics},
	volume = {13},
	year = {2021},
	bdsk-url-1 = {https://doi.org/10.52165/sgj.13.1.47-58}}

@article{ApparatusDifficulty2010,
	author = {Ivan {\v C}uk and Warwick Forbes},
	date-modified = {2024-01-15 19:07:50 -0500},
	journal = {{S}cience of {G}ymnastics {J}ournal},
	month = {10},
	pages = {57-63},
	title = {{H}ow {A}pparatus {D}ifficulty {S}cores {A}ffect {A}ll {A}round {R}esults in {M}en's {A}rtistic {G}ymnastics},
	volume = {2},
	year = {2010}}

@article{JonasRohleder2023,
	author = {Jonas Rohleder and Alexandra Pizzera and Jonas Breuer and Tobias Vogt},
	doi = {10.1080/24748668.2023.2240673},
	eprint = {https://doi.org/10.1080/24748668.2023.2240673},
	journal = {International Journal of Performance Analysis in Sport},
	number = {5},
	pages = {413--427},
	publisher = {Routledge},
	title = {Performance rating in men's world elite artistic gymnastics: {A} status-quo study on scoring tendencies at {O}lympic {G}ames following rule changes},
	url = {https://doi.org/10.1080/24748668.2023.2240673},
	volume = {23},
	year = {2023},
	bdsk-url-1 = {https://doi.org/10.1080/24748668.2023.2240673}}
